@book{pratt2007digital,
  title={Digital Image Processing},
  author={Pratt, W.K.},
  isbn={9780471767770},
  lccn={2006046397},
  url={https://books.google.co.jp/books?id=Tj3DNAEACAAJ},
  year={2007},
  publisher={Wiley-Interscience}
}
@book{szeliski2010computer,
  title={Computer Vision: Algorithms and Applications},
  author={Szeliski, R.},
  isbn={9781848829350},
  lccn={2010936817},
  series={Texts in Computer Science},
  url={https://books.google.co.jp/books?id=bXzAlkODwa8C},
  year={2010},
  publisher={Springer London}
}
@inproceedings{Rublee2011orb,
  author={E. {Rublee} and V. {Rabaud} and K. {Konolige} and G. {Bradski}},
  booktitle={2011 International Conference on Computer Vision},
  title={ORB: An efficient alternative to SIFT or SURF},
  year={2011},
  volume={},
  number={},
  pages={2564-2571},
  keywords={computer vision;image matching;object detection;object recognition;tracking;transforms;ORB;SIFT;SURF;feature matching;computer vision;object recognition;binary descriptor;BRIEF;noise resistance;object detection;patch-tracking;smart phone;Boats},
  doi={10.1109/ICCV.2011.6126544},
  ISSN={1550-5499},
  month={Nov},
}
@conference{kitamoto2017codh,
   author={Asanobu {KITAMOTO}},
   booktitle={1st CODH Seminar: Big Data and Digital Humanities},
   title={Center for Open Data in the Humanities (CODH): Activities and Future Plans},
   month=Jan,
   year={2017},
   doi={10.20676/00000001}
}
@mastersthesis{hakim2019,
  author={Hakim {Invernizzi}},
  title={An iconography-based approach to named entities indexing in digitized book collections},
  month={Sep},
  year={2019},
  school={École polytechnique fédérale de Lausanne}
}
@online{codh2018bukan,
  author={{Center for Open Data in the Humanities}},
  title={武鑑全集とは？},
  date={2018-07-28},
  url={http://codh.rois.ac.jp/bukan/about/}
}
@book{dower1990elements,
  title={The elements of Japanese design: a handbook of family crests, heraldry \& symbolism},
  author={Dower, John W},
  year={1990},
  publisher={Weatherhill, Incorporated}
}
@article{opencv_library,
    author = {Bradski, G.},
    citeulike-article-id = {2236121},
    journal = {Dr. Dobb's Journal of Software Tools},
    keywords = {bibtex-import},
    posted-at = {2008-01-15 19:21:54},
    priority = {4},
    title = {{The OpenCV Library}},
    year = {2000}
}
@article{lowe2004sift,
  title={Distinctive image features from scale-invariant keypoints},
  author={Lowe, David G},
  journal={International journal of computer vision},
  volume={60},
  number={2},
  pages={91--110},
  year={2004},
  publisher={Springer},
  doi={10.1023/B:VISI.0000029664.99615.94}
}
@inproceedings{rublee2011orb,
  author={E. {Rublee} and V. {Rabaud} and K. {Konolige} and G. {Bradski}},
  booktitle={2011 International Conference on Computer Vision},
  title={ORB: An efficient alternative to SIFT or SURF},
  year={2011},
  volume={},
  number={},
  pages={2564-2571},
  keywords={computer vision;image matching;object detection;object recognition;tracking;transforms;ORB;SIFT;SURF;feature matching;computer vision;object recognition;binary descriptor;BRIEF;noise resistance;object detection;patch-tracking;smart phone;Boats},
  doi={10.1109/ICCV.2011.6126544},
  ISSN={1550-5499},
  month={Nov}
}
@article{alcantarilla2011fast,
  title={Fast explicit diffusion for accelerated features in nonlinear scale spaces},
  author={Alcantarilla, Pablo F and Solutions, T},
  journal={IEEE Trans. Patt. Anal. Mach. Intell},
  volume={34},
  number={7},
  pages={1281--1298},
  year={2011},
  publisher={TrueVision Solutions},
  doi={10.5244/C.27.13}
}
@inproceedings{bay2006surf,
  title={Surf: Speeded up robust features},
  author={Bay, Herbert and Tuytelaars, Tinne and Van Gool, Luc},
  booktitle={European conference on computer vision},
  pages={404--417},
  year={2006},
  organization={Springer},
  doi={10.1007/11744023_32}
}
@inproceedings{leutenegger2011brisk,
  title={BRISK: Binary robust invariant scalable keypoints},
  author={Leutenegger, Stefan and Chli, Margarita and Siegwart, Roland Y},
  booktitle={2011 International conference on computer vision},
  pages={2548--2555},
  year={2011},
  organization={Ieee},
  doi={10.1109/ICCV.2011.6126542}
}

