@book{pratt2007digital,
  title={Digital Image Processing},
  author={Pratt, W.K.},
  isbn={9780471767770},
  lccn={2006046397},
  url={https://books.google.co.jp/books?id=Tj3DNAEACAAJ},
  year={2007},
  publisher={Wiley-Interscience}
}
@book{gonzalez2018digital,
  title={Digital Image Processing},
  author={Gonzalez, R.C. and Woods, R.E.},
  isbn={9780133356724},
  lccn={2017001581},
  url={https://books.google.co.jp/books?id=0F05vgAACAAJ},
  year={2018},
  publisher={Pearson}
}
@book{szeliski2010computer,
  title={Computer Vision: Algorithms and Applications},
  author={Szeliski, R.},
  isbn={9781848829350},
  lccn={2010936817},
  series={Texts in Computer Science},
  url={https://books.google.co.jp/books?id=bXzAlkODwa8C},
  year={2010},
  publisher={Springer London}
}